@unpublished{Bana2021,
  author = {Bana, Sara},
  title = {Using Language Model to Understand Wage Premia},
  year = {2021},
  note = {Working Paper}
}

@article{Blei2003,
  author = {Blei, David M. and Ng, Andrew Y. and Jordan, Michael B.},
  title = {Latent Dirichlet Allocation},
  journal = {Journal of Machine Learning Research},
  pages = {993--1022},
  year = {2003}
}


@article{ChamorroPremuzic2020,
author = {Chamorro-Premuzic, Tomas and Bailie, Ian},
title = {Tech Is Transforming People Analytics. Is That a Good Thing?},
journal = {Harvard Business Review},
year = {2020},
month = {May},
url = {https://hbr.org/2020/05/tech-is-transforming-people-analytics-is-that-a-good-thing}
}

@article{DeLong1988,
author = {DeLong, Elizabeth R. and DeLong, David M. and Clarke-Pearson, Daniel L.},
title = {Comparing the Area Under Two or More Correlated Receiver Operating Characteristic Curves: A Nonparametric Approach},
journal = {Biometrics},
volume = {44},
number = {3},
pages = {837--845},
year = {1988}
}


@article{Fan2007,
author = {Fan, Jianqing and Lv, Jinchi},
title = {Sure Independence Screening for Ultrahigh Dimensional Feature Space},
journal = {Journal of the Royal Statistical Society: Series B (Statistical Methodology)},
volume = {70},
number = {5},
pages = {849--911},
year = {2007},
publisher = {Wiley}
}


@article{Fu2021,
author = {Fu, Runshan and Huang, Yan and Singh, Param Vir},
title = {Crowd, Machine, Learning and Bias},
journal = {Information Systems Research},
volume = {32},
number = {3},
pages = {861--883},
year = {2021}
}

@unpublished{Gentzkow2018,
  author = {Gentzkow, Matthew},
  title = {Media and Artificial Intelligence},
  year = {2018},
  note = {Working Paper, Toulouse School of Economics}
}



@article{Kleinberg2018,
author = {Kleinberg, John and Lakkaraju, Himabindu and Leskovec, Jure and Ludwig, Jens and Mullainathan, Sendhil},
title = {Human Decisions and Machine Predictions},
journal = {Quarterly Journal of Economics},
volume = {133},
number = {1},
pages = {237--293},
year = {2018}
}


@article{Kleinberg2015,
  author = {Kleinberg, John and Ludwig, Jens and Mullainathan, Senthil and Obermeyer, Ziyad},
  title = {Prediction Policy Problems},
  journal = {American Economic Review: Papers \& Proceedings},
  pages = {491--495},
  year = {2015}
}

@unpublished{Li2022,
  author = {Li, Danielle and Raymond, Lindsey and Bergman, Peter},
  title = {Hiring as Exploration},
  year = {2022},
  note = {Working Paper}
}

@article{yang2022effects,
  title={The effects of remote work on collaboration among information workers},
  author={Yang, Longqi and Holtz, David and Jaffe, Sarah and et al.},
  journal={Nature Human Behaviour},
  volume={6},
  pages={43--54},
  year={2022},
  publisher={Nature Publishing Group},
  doi={10.1038/s41562-021-01196-4},
  url={https://doi.org/10.1038/s41562-021-01196-4}
}

@proceedings{vafa2023decomposing,
  title     = {Decomposing Changes in the Gender Wage Gap over Worker Careers},
  author    = {Vafa, Kenyon and Athey, Susan and Blei, David M.},
  year      = 2023,
  booktitle = {NBER Working Paper Series},
  series    = {Working Paper No. f189605},
  url       = {https://conference.nber.org/conf_papers/f189605.pdf}
}

@article{Tambe2019,
author = {Tambe, Prasanna and Cappelli, Peter and Yakubovich, Valery},
title = {Artificial Intelligence in Human Resources Management: Challenges and a Path Forward},
journal = {California Management Review},
volume = {61},
number = {4},
pages = {15--42},
year = {2019}
}


@inproceedings{Xing2002,
  author = {Xing, Eric P. and Ng, Andrew Y. and Jordan, Michael I. and Russell, Stuart},
  title = {Distance Metric Learning, with Application to Clustering with Side-information},
  booktitle = {Advances in Neural Information Processing Systems},
  volume = {15},
  year = {2002}
}


@article{bidwell2011paying,
  title={Paying more to get less: The effects of external hiring versus internal mobility},
  author={Bidwell, Matthew},
  journal={Administrative Science Quarterly},
  volume={56},
  number={3},
  pages={369--407},
  year={2011},
  publisher={Sage Publications Sage CA: Los Angeles, CA}
}


@article{riley2017human,
  title={Human capital matters: Market valuation of firm investments in training and the role of complementary assets},
  author={Riley, Shawn M and Michael, Steven C and Mahoney, Joseph T},
  journal={Strategic management journal},
  volume={38},
  number={9},
  pages={1895--1914},
  year={2017},
  publisher={Wiley Online Library}
}

@inproceedings{devlin2018bert,
  title={BERT: Pre-training of Deep Bidirectional Transformers for Language Understanding},
  author={Devlin, Jacob and Chang, Ming-Wei and Lee, Kenton and Toutanova, Kristina},
  booktitle={Proceedings of the 2019 Conference of the North American Chapter of the Association for Computational Linguistics: Human Language Technologies, Volume 1 (Long and Short Papers)},
  pages={4171--4186},
  year={2019}
}



@article{lazear2004structure,
  title={The structure of wages and internal mobility},
  author={Lazear, Edward P and Oyer, Paul},
  journal={American Economic Review},
  volume={94},
  number={2},
  pages={212--216},
  year={2004},
  publisher={American Economic Association}
}



@article{baker1994internal,
  title={The internal economics of the firm: Evidence from personnel data},
  author={Baker, George and Gibbs, Marian and Holmstrom, Bengt},
  journal={The Quarterly Journal of Economics},
  volume={109},
  number={4},
  pages={881--919},
  year={1994}
}


@unpublished{invisiblehand,
  author = {Minni, Virginia},
  title = {Making the Invisible Hand Visible: Managers and the Allocation of Workers to Jobs},
  month = {October},
  year = {2023},
  note = {Working Paper}
}

@article{huitfeldt2023internal,
  title={Internal labor markets: A worker flow approach},
  author={Huitfeldt, Ingrid and Kost{\o}l, Andreas R and Nimczik, Jan and Weber, Andrea},
  journal={Journal of Econometrics},
  volume={233},
  number={2},
  pages={661--688},
  year={2023},
  publisher={Elsevier}
}

@article{baker1994wage,
  author = {Baker, George and Gibbs, Michael and Holmstrom, Bengt},
  title = {The Wage Policy of a Firm},
  journal = {The Quarterly Journal of Economics},
  volume = {109},
  number = {4},
  pages = {921--955},
  year = {1994},
  doi = {10.2307/2118352}
}


@article{tambe2020paying,
  title={Paying to program? Engineering brand and high-tech wages},
  author={Tambe, Prasanna and Ye, Xuan and Cappelli, Peter},
  journal={Management Science},
  volume={66},
  number={7},
  pages={3010--3028},
  year={2020},
  publisher={INFORMS}
}


@article{bidwell2024stepping,
  title = {Stepping Sideways to Step Up: Lateral Mobility and Career Advancement Inside Organizations},
  author = {Bidwell, Matthew and Keller, J. R.},
  journal = {Management Science},
  volume = {0},
  number = {0},
  year = {2024},
  doi = {https://doi.org/10.1287/mnsc.2021.03746}
}

@article{devos2024data, title={Data-driven internal mobility: Similarity regularization gets the job done}, author={De Vos, Simon and De Smedt, Johannes and Verbruggen, Marijke and Verbeke, Wouter}, journal={Knowledge-Based Systems}, volume={295}, pages={111824}, year={2024}, month={7}, publisher={Elsevier}, doi={10.1016/j.knosys.2024.111824} }



@article{tamayo2023reskilling,
  title={Reskilling in the Age of Al: Five new paradigms for leaders-and employees},
  author={Tamayo, Jorge and Doumi, Leila and Goel, Sagar and Kov√°cs-Ondrejkovic, Orsolya and Sadun, Raffaella},
  journal={Harvard Business Review},
  month={sep-oct},
  year={2023}
}



@report{Illanes2018,
author = {Illanes, Pablo and Lund, Susan and Mourshed, Mona and Rutherford, Scott and Tyreman, Magnus},
title = {Retraining and Reskilling Workers in the Age of Automation},
institution = {McKinsey Global Institute},
type = {Report},
month = {January},
year = {2018}
}



@article{Cowgill2023,
  author = {Cowgill, Bo and Davis, Jonathan M.V. and Montagnes, B. Pablo and Perkowski, Patryk and Hammer, Bettina},
  title = {Align company needs and employee preferences: How to Design an Internal Talent Marketplace},
  journal = {Harvard Business Review},
  month = {may-june},
  year = {2023}
}


@article{eloundou2024gpts,
  title={GPTs are GPTs: Labor market impact potential of LLMs},
  author={Eloundou, Tyna and Manning, Sam and Mishkin, Pamela and Rock, Daniel},
  journal={Science},
  volume={384},
  number={6702},
  pages={1306--1308},
  year={2024},
  publisher={American Association for the Advancement of Science}
}

@article{StephanyTeutloff2024,
  author = {Stephany, Fabian and Teutloff, Ole},
  title = {What is the price of a skill? The value of complementarity},
  journal = {Research Policy},
  volume = {53},
  issue = {1},
  pages = {104898},
  year = {2024},
  ISSN = {0048-7333},
  doi = {10.1016/j.respol.2023.104898}
}


@unpublished{George2024,
  author = {George, Nikhil and Combemale, Christophe and Krishnan, Ramayya and Telang, Rahul},
  title = {Linking Skills to Mobility: Insights for Workforce Dvelopment},
  year = {2024},
  month = "06",
  date = {07},
  publisher = {SSRN},
  url = {https://ssrn.com/abstract=4857198},
  urldoi = {http://dx.doi.org/10.2139/ssrn.4857198},
  note = {Working Paper}
}


@inproceedings{reimers-2019-sentence-bert,
    title = "Sentence-BERT: Sentence Embeddings using Siamese BERT-Networks",
    author = "Reimers, Nils and Gurevych, Iryna",
    booktitle = "Proceedings of the 2019 Conference on Empirical Methods in Natural Language Processing",
    month = "11",
    year = "2019",
    publisher = "Association for Computational Linguistics",
    url = "http://arxiv.org/abs/1908.10084",
}





@inproceedings{raghavan2020mitigating,
  title={Mitigating bias in algorithmic hiring: Evaluating claims and practices},
  author={Raghavan, Manish and Barocas, Solon and Kleinberg, Jon and Levy, Karen},
  booktitle={Proceedings of the 2020 conference on fairness, accountability, and transparency},
  pages={469--481},
  year={2020}
}


@misc{Cyberstates2024,
  title={State of the Tech Workforce | Cyberstates 2024},
  author={CompTIA},
  year={2024},
  month={March},
  url={https://www.cyberstates.org},
  note={Produced by The Computing Technology Industry Association (CompTIA).}
}




@inproceedings{bian2020learning,
  title={Learning to match jobs with resumes from sparse interaction data using multi-view co-teaching network},
  author={Bian, Shuqing and Chen, Xu and Zhao, Wayne Xin and Zhou, Kun and Hou, Yupeng and Song, Yang and Zhang, Tao and Wen, Ji-Rong},
  booktitle={Proceedings of the 29th ACM International Conference on Information \& Knowledge Management},
  pages={65--74},
  year={2020}
}

@article{qin2020enhanced,
  title={An enhanced neural network approach to person-job fit in talent recruitment},
  author={Qin, Chuan and Zhu, Hengshu and Xu, Tong and Zhu, Chen and Ma, Chao and Chen, Enhong and Xiong, Hui},
  journal={ACM Transactions on Information Systems (TOIS)},
  volume={38},
  number={2},
  pages={1--33},
  year={2020}
}

@article{giabelli2021skills2job,
  title={Skills2job: A recommender system that encodes job offer embeddings on graph databases},
  author={Giabelli, Anna and Malandri, Lorenzo and Mercorio, Fabio and Mezzanzanica, Mario and Seveso, Andrea},
  journal={Applied Soft Computing},
  volume={101},
  pages={107049},
  year={2021}
}

@article{chung2023predictive,
  title={Predictive model of employee attrition based on stacking ensemble learning},
  author={Chung, Doohee and Yun, Jinseop and Lee, Jeha and Jeon, Yeram},
  journal={Expert Systems with Applications},
  volume={215},
  pages={119364},
  year={2023}
}

@article{shaha2012survey,
  title={A survey of job recommender systems},
  author={Shaha, T Al-Otaibi and Mourad, Ykhlef},
  journal={International Journal of Physical Sciences},
  volume={7},
  number={29},
  pages={5127--5142},
  year={2012}
}

@inproceedings{siting2012job,
  title={Job recommender systems: A survey},
  author={Siting, Zheng and Wenxing, Hong and Ning, Zhang and Fan, Yang},
  booktitle={2012 7th International Conference on Computer Science \& Education (ICCSE)},
  pages={920--924},
  year={2012}
}


@article{kokkodis2021demand,
  title={Demand-aware career path recommendations: A reinforcement learning approach},
  author={Kokkodis, Marios and Ipeirotis, Panagiotis G},
  journal={Management science},
  volume={67},
  number={7},
  pages={4362--4383},
  year={2021},
  publisher={INFORMS}
}

@article{kokkodis2023good,
    title={The Good, the Bad, and the Unhirable: Recommending Job Applicants in Online Labor Markets},
    author={Kokkodis, Marios and Ipeirotis, Panagiotis G.},
    journal={Management Science},
    year={2023},
    month={March},
    doi={10.1287/mnsc.2023.4690},
    note={Published online in Articles in Advance},
    publisher={INFORMS}
}



@inproceedings{maurya2017bayesian,
  title={Bayesian multi-view models for member-job matching and personalized skill recommendations},
  author={Maurya, Abhinav and Telang, Rahul},
  booktitle={2017 IEEE International Conference on Big Data (Big Data)},
  pages={1193--1202},
  year={2017},
  organization={IEEE}
}



@inproceedings{heap2014combining,
    title={Combining career progression and profile matching in a job recommender system},
    author={Heap, Bradford and Krzywicki, Alfred and Wobcke, Wayne and Bain, Mike and Compton, Paul},
    booktitle={PRICAI 2014: Trends in Artificial Intelligence: 13th Pacific Rim International Conference on Artificial Intelligence},
    pages={396--408},
    year={2014},
    publisher={Springer},
    address={Gold Coast, QLD, Australia},
    month={December},
    series={Proceedings 13}
}

@article{zhu2018person,
    title={Person-job fit: Adapting the right talent for the right job with joint representation learning},
    author={Zhu, Chen and Zhu, Hengshu and Xiong, Hui and Ma, Chao and Xie, Fang and Ding, Pengliang and Li, Pan},
    journal={ACM Transactions on Management Information Systems (TMIS)},
    volume={9},
    number={3},
    pages={1--17},
    year={2018}
}

@article{liu2019tripartite,
    title={Tripartite vector representations for better job recommendation},
    author={Liu, Mengshu and Wang, Jingya and Abdelfatah, Kareem and Korayem, Mohammed},
    journal={arXiv preprint arXiv:1907.12379},
    year={2019}
}




@article{chamorro2016new,
    title={New talent signals: Shiny new objects or a brave new world?},
    author={Chamorro-Premuzic, Tomas and Winsborough, Dave and Sherman, Ryne A. and Hogan, Robert},
    journal={Industrial and Organizational Psychology},
    volume={9},
    number={3},
    pages={621--640},
    year={2016}
}


@article{2024_Cowgill,
  title = {Stable Matching on the Job? Theory and Evidence on Internal Talent Markets},
  author = {Cowgill, Bo and Davis, Jonathan M.V. and Montagnes, B. Pablo and Perkowski, Patryk},
  year = {2024},
  journal = {Management Science},
  volume = {0},
  number = {0},
  doi = {10.1287/mnsc.2023.01373}
}


@article{2024_Acemoglu,
  title = {Artificial Intelligence and Jobs: Evidence from Online Vacancies},
  author = {Acemoglu, Daron and Autor, David and Hazell, Jonathon and Restrepo, Pascual},
  year = {2024},
  journal = {Journal of Labor Economics},
  volume = {40},
  number = {S1},
  doi = {10.1086/725195}
}


@techreport{MGI2023Performance,
  title={Performance through people: Transforming human capital into competitive advantage},
  author={{McKinsey Global Institute}},
  year={2023},
  month={February},
  institution={McKinsey Global Institute},
  type={Report},
  url={https://www.mckinsey.com/~/media/mckinsey/mckinsey%20global%20institute/our%20research/performance%20through%20people%20transforming%20human%20capital%20into%20competitive%20advantage/mgi-performance-through-people-full-report-vf.pdf}
}


@article{lei2024value,
  title={The Value of External Data Capabilities in the Search Market: Evidence from a Field Experiment},
  author={Lei, Xiaoxia and Chen, Yixing and Sen, Ananya},
  journal={Available at SSRN},
  year={2024},
  date={June 10},
  url={https://ssrn.com/abstract=4452804},
  urldoi={http://dx.doi.org/10.2139/ssrn.4452804}
}

@article{hbr2022skillsbased,
  title={Skills-Based Hiring Is on the Rise},
  author={Fuller, Joseph and Raman, Manjari and Sage-Gavin, Eva and Hines, Kristen},
  journal={Harvard Business Review},
  year={2022},
  month={Feb},
  url={https://hbr.org/2022/02/skills-based-hiring-is-on-the-rise},
  note={Accessed on 15 November 2024}
}

@report{mckinsey2020future,
  title={The future of work in Europe},
  author={{McKinsey Global Institute}},
  year={2020},
  month={June},
  institution={McKinsey \& Company},
  url={https://www.mckinsey.com/featured-insights/future-of-work/the-future-of-work-in-europe},
  note={Accessed on 15 November 2024}
}

@report{wef2020jobs,
  title={The Future of Jobs Report 2020},
  author={{World Economic Forum}},
  year={2020},
  month={Oct},
  institution={World Economic Forum},
  url={https://www.weforum.org/reports/the-future-of-jobs-report-2020},
  note={Accessed on 15 November 2024}
}


@article{hershbein2018recessions,
  title={Do recessions accelerate routine-biased technological change? Evidence from vacancy postings},
  author={Hershbein, Brad and Kahn, Lisa B},
  journal={American Economic Review},
  volume={108},
  number={7},
  pages={1737--1772},
  year={2018},
  publisher={American Economic Association 2014 Broadway, Suite 305, Nashville, TN 37203}
}

@article{forsythe2020labor,
  title={Labor demand in the time of COVID-19: Evidence from vacancy postings and UI claims},
  author={Forsythe, Eliza and Kahn, Lisa B and Lange, Fabian and Wiczer, David},
  journal={Journal of public economics},
  volume={189},
  pages={104238},
  year={2020},
  publisher={Elsevier}
}

@article{braxton2023technological,
  title={Technological change and the consequences of job loss},
  author={Braxton, J Carter and Taska, Bledi},
  journal={American Economic Review},
  volume={113},
  number={2},
  pages={279--316},
  year={2023},
  publisher={American Economic Association 2014 Broadway, Suite 305, Nashville, TN 37203}
}


@inproceedings{goldfarb2020artificial,
  title={Artificial intelligence in health care? Evidence from online job postings},
  author={Goldfarb, Avi and Taska, Bledi and Teodoridis, Florenta},
  booktitle={AEA Papers and Proceedings},
  volume={110},
  pages={400--404},
  year={2020},
  organization={American Economic Association 2014 Broadway, Suite 305, Nashville, TN 37203}
}

@article{azar2020concentration,
  title={Concentration in US labor markets: Evidence from online vacancy data},
  author={Azar, Jos{\'e} and Marinescu, Ioana and Steinbaum, Marshall and Taska, Bledi},
  journal={Labour Economics},
  volume={66},
  pages={101886},
  year={2020},
  publisher={Elsevier}
}